@Article{watermeyer-et-al:he2021,
  author = 	 {Richard Watermeyer and Tom Crick and Cathryn Knight and Janet Goodall},
  title = 	 {{COVID-19 and digital disruption in UK universities: afflictions and affordances of emergency online migration}},
  journal = 	 {{Higher Education}},
  volume =       {81},
  pages =        {623--641},
  year = 	 {2021},
  doi =          {https://doi.org/10.1007/s10734-020-00561-y}
}

@InProceedings{crick-et-al:ukicer2020,
  author =       {Tom Crick and Cathryn Knight and Richard Watermeyer and Janet Goodall},
  title =        {{The Impact of COVID-19 and ``Emergency Remote Teaching'' on the UK Computer Science Education Community}},
  booktitle =    {{Proceedings of UK and Ireland Computing Education Research Conference (UKICER'20)}},
  year = 	 {2020},
  publisher =    {{ACM Press}},
  doi =          {https://doi.org/10.1145/3416465.3416472}
}

@Article{crick:berari2020,
  author = 	 {Tom Crick},
  title = 	 {{COVID-19 as a Catalyst for Rethinking Digital Education: A View from Wales}},
  journal = 	 {{Research Intelligence}},
  number =       {145},
  pages = 	 {14--15},
  year = 	 {2020}
}

@Article{itnowdigedu:2021,
  author = 	 {Tom Crick},
  title = 	 {{COVID-19 and Digital Education: A Catalyst for Change?}},
  journal = 	 {{ITNOW}},
  year = 	 {2021},
  volume = 	 {63},
  number = 	 {1},
  pages = 	 {16--17},
  doi =          {https://doi.org/10.1093/itnow/bwab005}
}

@InProceedings{crick-et-alposter:sigcse2021,
  author =       {Tom Crick and Cathryn Knight and Richard Watermeyer and Janet Goodall},
  title =        {{An Overview of the Impact of COVID-19 and ``Emergency Remote Teaching'' on International CS Education Practitioners}},
  booktitle =    {{Proceedings of 52nd ACM Technical Symposium on Computer Science Education (SIGCSE'21)}},
  publisher =    {{ACM Press}},
  year = 	 {2021},
  doi =          {https://doi.org/10.1145/3408877.3439680}
}

@InProceedings{crick-et-al:educon2021,
  author =       {Tom Crick and Cathryn Knight and Richard Watermeyer and Janet Goodall},
  title =        {{The International Impact of COVID-19 and ``Emergency Remote Teaching'' on Computer Science Education Practitioners}},
  booktitle =    {{Proceedings of IEEE Global Engineering Education Conference (EDUCON'21)}},
  publisher =    {{IEEE Press}},
  year = 	 {2021}
}

@InProceedings{wg1:iticse2021,
  author =       {Angela Siegel and Mark Zarb and Bedour Alshaigy and Jeremiah Blanchard and Tom Crick and Richard Glassey and John R. Holt and Celine Latulipe and Charles Riedesel and Mali Senapathi and {Simon} and David Williams},
  title =        {{Educational Landscapes During and After COVID-19}},
  booktitle =    {{Proceedings of 26th Annual Conference on Innovation and Technology in Computer Science Education (ITiCSE'21)}},
  year = 	 {2021},
  publisher =    {{ACM Press}},
  note = 	 {(accepted, to appear)},
  doi =          {https://doi.org/10.1145/3456565.3461439}
}

@Article{shankar-et-al:ies2021,
  author = 	 {Kalpana Shankar and Dean Phelan and Venkata Suri and Richard Watermeyer and Cathryn Knight and Tom Crick},
  title = 	 {{``The COVID-19 Crisis is Not the Core Problem'': Experiences, Challenges, and Concerns of Irish Academia in the Pandemic}},
  journal = 	 {{Irish Educational Studies}},
  year = 	 {2021},
  note = 	 {special issue on ``Positioning the Pandemic; Facing the Future''},
  doi =          {https://doi.org/10.1080/03323315.2021.1932550}
}

@Article{watermeyer-et-al:bjse2021,
  author = 	 {Richard Watermeyer and Kalpana Shankar and Tom Crick and Cathryn Knight and Fiona McGaughey and Joanne Hardman and Venkata Suri and Roger Chung and Dean Phelan},
  title = 	 {{'Pandemia': A reckoning of UK universities' corporate response to COVID-19 and its academic fallout}},
  journal = 	 {{British Journal of Sociology of Education}},
  year = 	 {2021},
  note = 	 {(accepted, to appear)}
}

@Article{kissler-et-al:2020,
  author = 	 {Stephen M. Kissler and Christine Tedijanto and Edward Goldstein and Yonatan H. Grad and Marc Lipsitch},
  title = 	 {{Projecting the transmission dynamics of SARS-CoV-2 through the postpandemic period}},
  journal = 	 {Science},
  year = 	 {2020},
  volume = 	 {368},
  number = 	 {6493},
  pages = 	 {860--868}
}

@Article{vanlancker+parolin:2020,
  author = 	 {Wim {Van Lancker} and Zachary Parolin},
  title = 	 {{COVID-19, school closures, and child poverty: a social crisis in the making}},
  journal = 	 {The Lancet Public Health},
  year = 	 {2020},
  volume = 	 {5},
  number = 	 {5},
  pages = 	 {E243--E244},
  doi =          {https://doi.org/10.1016/S2468-2667(20)30084-0}
}

@Misc{unescocovidedu:2021,
  author = 	 {{UNESCO}},
  title = 	 {{COVID-19 Impact on Education}},
  howpublished = {\url{https://en.unesco.org/covid19/educationresponse}},
  month = 	 {May},
  year = 	 {2021}
}

@Article{cerf:2020,
  author = 	 {Vinton G. Cerf},
  title = 	 {{Implications of the COVID-19 pandemic}},
  journal = 	 {{Communications of the ACM}},
  year = 	 {2020},
  volume = 	 {63},
  number = 	 {6},
  doi =          {https://doi.org/10.1145/3397262}
}

@Article{yamey+walensky:2020,
  author = 	 {Gavin Yamey and Rochelle P. Walensky},
  title = 	 {{Covid-19: re-opening universities is high risk}},
  journal = 	 {{BMJ}},
  year = 	 {2020},
  volume = 	 {370},
  doi =          {https://doi.org/10.1136/bmj.m3365}
}